@ARTICLE{Lozano2008-tp,
title = "Seeded tree alignment",
author = "Lozano, Antoni and Pinter, Ron Y and Rokhlenko, Oleg and Valiente, Gabriel and Ziv-Ukelson, Michal",
affiliation = "Logic and Programming Research Group, Department of Software, Technical University of Catalonia, Jordi Girona, 1-3 Modul Omega, Campus Nord, E-08034 Barcelona, Spain. antoni@lsi.upc.edu",
journal = "IEEE/ACM Trans. Comput. Biol. Bioinform.",
volume =  5,
number =  4,
pages = "503--513",
month =  oct,
year =  2008,
url = "http://dx.doi.org/10.1109/TCBB.2008.59",
issn = "1545-5963",
issn_alt = "1557-9964",
pmid = "18989038",
doi = "10.1109/TCBB.2008.59"
}

@ARTICLE{Fernau2010-an,
title = "Comparing trees via crossing minimization",
author = "Fernau, Henning and Kaufmann, Michael and Poths, Mathias",
journal = "J. Comput. System Sci.",
volume =  76,
number =  7,
pages = "593--608",
month =  nov,
year =  2010,
url = "http://www.sciencedirect.com/science/article/pii/S0022000009001032",
keywords = "Drawing tanglegrams; Crossing minimization; Parameterized algorithms",
issn = "0022-0000",
doi = "10.1016/j.jcss.2009.10.014"
}

@UNPUBLISHED{Buchin2008-lc,
title = "Drawing (Complete) Binary Tanglegrams: Hardness, Approximation, {Fixed-Parameter} Tractability",
author = "Buchin, Kevin and Buchin, Maike and Byrka, Jaroslaw and N{\``{o}}llenburg, Martin and Okamoto, Yoshio and Silveira, Rodrigo I and Wolff, Alexander",
journal = "arXiv [cs.CG]",
month =  "5~" # jun,
year =  2008,
url = "http://arxiv.org/abs/0806.0920",
archivePrefix = "arXiv",
eprint = "0806.0920",
primaryClass = "cs.CG",
arxivid = "0806.0920"
}

@INCOLLECTION{Bocker2009-xl,
title = "A Faster {Fixed-Parameter} Approach to Drawing Binary Tanglegrams",
booktitle = "Parameterized and Exact Computation",
author = "B{\"{o}}cker, Sebastian and H{\"{u}}ffner, Falk and Truss, Anke and Wahlstr{\"{o}}m, Magnus",
publisher = "Springer Berlin Heidelberg",
pages = "38--49",
series = "Lecture Notes in Computer Science",
month =  "1~" # jan,
year =  2009,
url = "http://link.springer.com/chapter/10.1007/978-3-642-11269-0_3",
isbn = "9783642112683",
isbn_alt = "9783642112690",
doi = "10.1007/978-3-642-11269-0\_3"
}

@INCOLLECTION{Bansal2009-ni,
title = "Generalized Binary Tanglegrams: Algorithms and Applications",
booktitle = "Bioinformatics and Computational Biology",
author = "Bansal, Mukul S and Chang, Wen-Chieh and Eulenstein, Oliver and Fern\'{a}ndez-Baca, David",
publisher = "Springer Berlin Heidelberg",
pages = "114--125",
series = "Lecture Notes in Computer Science",
month =  "1~" # jan,
year =  2009,
url = "http://link.springer.com/chapter/10.1007/978-3-642-00727-9_13",
isbn = "9783642007262",
isbn_alt = "9783642007279",
doi = "10.1007/978-3-642-00727-9\_13"
}

@ARTICLE{Venkatachalam2010-zh,
title = "Untangling tanglegrams: comparing trees by their drawings",
author = "Venkatachalam, Balaji and Apple, Jim and St John, Katherine and Gusfield, Dan",
affiliation = "Department of Computer Science, UC Davis, One Shields Avenue, Davis, CA 95616, USA. balaji@cs.ucdavis.edu",
journal = "IEEE/ACM Trans. Comput. Biol. Bioinform.",
volume =  7,
number =  4,
pages = "588--597",
month =  oct,
year =  2010,
url = "http://dx.doi.org/10.1109/TCBB.2010.57",
issn = "1545-5963",
issn_alt = "1557-9964",
pmid = "20530818",
doi = "10.1109/TCBB.2010.57"
}
